% Bibliography file for OuterSpace paper
% Add your references here in BibTeX format

@software{outerspace2025,
    title={OuterSpace: A Comprehensive Tool for Genomic Sequence Analysis},
    author={Author, One and Author, Two and Author, Three and Author, Four},
    year={2025},
    url={https://github.com/username/outerspace},
    note={Version 1.0}
}

@article{bioinformatics_review2022,
    title={Modern Approaches to Genomic Sequence Analysis: A Review},
    author={Johnson, Alice and Brown, Bob},
    journal={Nature Biotechnology},
    volume={40},
    number={3},
    pages={245--260},
    year={2022},
    publisher={Nature Publishing Group}
}

@article{girardot2016je,
    title={Je, a versatile suite to handle multiplexed NGS libraries with unique molecular identifiers},
    author={Girardot, Charles and Scholtalbers, Jens and Sauer, Sascha and Suo, Yufei and Pirkl, Matthias and Charles, MÃ©lanie and Stierhof, York-Dieter and Wilm, Matthias and Furlong, Eileen E. M.},
    journal={BMC Bioinformatics},
    volume={17},
    pages={419},
    year={2016},
    publisher={BioMed Central},
    doi={10.1186/s12859-016-1284-2},
    url={https://doi.org/10.1186/s12859-016-1284-2}
}

@article{clement2018ampumi,
    title={AmpUMI: design and analysis of unique molecular identifiers for deep amplicon sequencing},
    author={Clement, Kendell and Farouni, Rick and Bauer, Daniel E. and Pinello, Luca},
    journal={Bioinformatics},
    volume={34},
    number={13},
    pages={i202--i210},
    year={2018},
    month={July},
    doi={10.1093/bioinformatics/bty264},
    pmid={29949956},
    pmcid={PMC6022702},
    url={https://doi.org/10.1093/bioinformatics/bty264}
}

@article{li2011statistical,
    title={A statistical framework for SNP calling, mutation discovery, association mapping and population genetical parameter estimation from sequencing data},
    author={Li, Heng},
    journal={Bioinformatics},
    volume={27},
    number={21},
    pages={2987--2993},
    year={2011},
    month={November},
    doi={10.1093/bioinformatics/btr509},
    pmid={21903627},
    pmcid={PMC3198575},
    url={https://doi.org/10.1093/bioinformatics/btr509}
}

@article{zhao2018bartender,
    title={Bartender: a fast and accurate clustering algorithm to count barcode reads},
    author={Zhao, Lu and Liu, Zhijie and Levy, Sasha F. and Wu, Shiqi},
    journal={Bioinformatics},
    volume={34},
    number={5},
    pages={739--747},
    year={2018},
    month={March},
    doi={10.1093/bioinformatics/btx655},
    pmid={29069318},
    pmcid={PMC6049041},
    url={https://doi.org/10.1093/bioinformatics/btx655}
}

@article{smith2017umitools,
    title={UMI-tools: modeling sequencing errors in Unique Molecular Identifiers to improve quantification accuracy},
    author={Smith, Tom and Heger, Andreas and Sudbery, Ian},
    journal={Genome Research},
    volume={27},
    number={3},
    pages={491--499},
    year={2017},
    month={March},
    doi={10.1101/gr.209601.116},
    pmid={28100584},
    pmcid={PMC5340976},
    url={https://doi.org/10.1101/gr.209601.116}
}

@article{li2006cdhit,
    title={Cd-hit: a fast program for clustering and comparing large sets of protein or nucleotide sequences},
    author={Li, Weizhong and Godzik, Adam},
    journal={Bioinformatics},
    volume={22},
    number={13},
    pages={1658--1659},
    year={2006},
    month={July},
    doi={10.1093/bioinformatics/btl158},
    pmid={16731699},
    url={https://doi.org/10.1093/bioinformatics/btl158}
}
